<?xml version="1.0" encoding="UTF-8"?><collection xmlns="http://www.loc.gov/MARC21/slim"><record><leader>00424nam--2200133-i-4500</leader><controlfield tag="001">000004202</controlfield><controlfield tag="002">20161230</controlfield><controlfield tag="005">20170304142556</controlfield><controlfield tag="008">060222s1000------------r-----000-0-eng-d</controlfield><datafield ind1=" " ind2=" " tag="100"><subfield code="a">Bulicek, Jaroslav</subfield></datafield><datafield ind1=" " ind2=" " tag="245"><subfield code="a">Conditiile tehnico-sanitare privind calitatea apei utilizate in sectorul industriei grele si usoae. Traducere din L.Ceha</subfield></datafield><datafield ind1=" " ind2=" " tag="260"><subfield code="a">Bucuresti</subfield><subfield code="b">I.D.T</subfield><subfield code="c">1957</subfield></datafield><datafield ind1=" " ind2=" " tag="300"><subfield code="a">26 p. Lito</subfield></datafield><datafield ind1=" " ind2=" " tag="CAT"><subfield code="a">SYS</subfield><subfield code="c">20170304</subfield><subfield code="h">142556</subfield></datafield></record></collection>